## Manually cleaned references

@book{Bocek1994,
  author = {Leo Boček and Jana Bočková and Jura Charvát},
  title = {Matematika pro gymnázia},
  subtitle = {Rovnice a nerovnice},
  publisher = {Prometheus},
  address = {Praha},
  year = {1994},
  edition = {3. dotisk},
  ISBN = {80-7196-154-X},
}

@book{Kubat2000,
  author = {Josef Kubát and Dag Hrubý and Josef Pilgr},
  title = {Sbírka úloh z matematiky pro střední školy},
  subtitle = {Maturitní minimum},
  publisher = {Prometheus},
  address = {Praha},
  year = {2000},
  edition = {1. vydání},
  ISBN = {80-7196-030-6},
}

@book{Novotna2013,
  author = {Jiřina Novotná},
  title = {Motivace nadaných žáků a studentů v matematice a přírodních vědách II.},
  publisher = {MUNI Press},
  address = {Brno},
  year = {2013},
  edition = {1. vydání},
  ISBN = {978-80-210-6635-9},
}

@book{Novotna2012,
  author = {Jiřina Novotná},
  title = {Motivace nadaných žáků a studentů v matematice a přírodních vědách},
  publisher = {MUNI Press},
  address = {Brno},
  year = {2012},
  edition = {1. vydání},
  ISBN = {978-80-210-6144-6},
}

@book{Thiele1986,
  author = {Rüdiger Thiele},
  title = {Matematické důkazy},
  publisher = {Státní nakladatelství technické literatury},
  address = {Praha},
  year = {1986},
  edition = {2. nezměněné vydání},
}

@book{Andreescu2013,
  author = {Titu Andreescu and Michal Rolínek and Josef Tkadlec},
  title = {106 Geometry Problems},
  subtitle = {From the AwesomeMath Summer Program},
  publisher = {XYZ Press},
  address = {Plano},
  year = {2013},
  edition = {1st edition},
  ISBN = {978-097-9926-945},
}



@book{Hrinak2008-2,
  author = {Martin Hriňák et al. and  },
  title = {Netradičné metody vo vyučovaní matematiky 2},
  publisher = {Metodicko-pedagogické centrum},
  address = {Bratislava},
  year = {2008},
  edition = {1. vydanie},
  ISBN = {978-80-8052-323-7},
}

@book{Holton2010,
  author = {Derek Allan Holton},
  title = {A First Step to Mathematical Olympiad Problems},
  publisher = {World Scientific},
  address = {Danvers, USA},
  year = {2010},
  edition = {1st edition},
  ISBN = {981-4273-87-2},
}

@book{Herman2004,
  author = {Jiří Herman and Radan Kučera and Jaromír Šimša},
  title = {Seminář ze středoškolské matematiky},
  publisher = {Masarykova univerzita},
  address = {Brno},
  year = {2004},
  edition = {3. přepracované vydání},
  ISBN = {80-210-3528-5},
}

@book{Burjan1999,
  author = {Vladimír Burjan and Ľudmila Burjanová},
  title = {Matematické hry},
  publisher = {Pytagoras},
  address = {Bratislava},
  year = {1991},
  edition = {1. vydanie},
  ISBN = {80-85409-00-3},
}

@book{Busek1999,
  author = {Ivan Bušek and Emil Calda},
  title = {Matematika pro gymnázia},
  subtitle = {Základní poznatky z matematiky},
  publisher = {Prometheus},
  address = {Praha},
  year = {1999},
  edition = {3. upravené vydání},
  ISBN = {80-7196-146-9},
}

@book{Sedlacek1961,
  author = {Jiří Sedláček},
  title = {Co víme o přirozených číslech},
  publisher = {Mladá fronta},
  address = {Praha},
  year = {1961},
  edition = {3. vydání},
}

## Automatic references (might need cleaning)

@book{Hejny1990,
  author = {Milan Hejný},
  title = {Teória vyučovania matematiky. 2},
  year = {1990},
  ISBN = {8008013443},
}

@book{Svrcek2014,
  author = {Jaroslav Švrček},
  title = {Gradované řetězce úloh v práci s matematickými talenty},
  year = {2014},
  ISBN = {9788024440187},
}

@book{Stewart2013-1,
  author = {Ian Stewart and Lukáš Georgiev},
  title = {Truhlice matematických pokladů profesora Stewarta},
  year = {2013},
  ISBN = {9788073635275},
}

@book{Stewart2013-2,
  author = {Ian Stewart and Luboš Pick},
  title = {Kabinet matematických kuriozit profesora Stewarta},
  year = {2013},
  ISBN = {9788073632922},
}

@book{Gabor1989,
  author = {Ondrej Gábor and Oleg Kopanev and Karol Križalkovič},
  title = {Teória vyučovania matematiky},
  subtitle = {pre študentov matematiky učiteľského štúdia na univerzitách a pedagogických fakultách. 1},
  year = {1989},
  ISBN = {8008002859},
}

@book{Kufner1989,
  author = {Alois Kufner},
  title = {Nerovnosti a odhady},
  year = {1989},
  ISBN = {8020400001},
}

@book{Zeitz2007,
  author = {Paul Zeitz},
  title = {The art and craft of problem solving},
  publisher = {Wiley},
  address = {San Francisco},
  year = {2007},
  ISBN = {0-471-13571-2},
}

@book{Herman2011,
  author = {Jiří Herman and Radan Kučera and Jaromír Šimša},
  title = {Metody řešení matematických úloh I},
  publisher = {MUNI Press},
  address = {Brno},
  year = {2011},
  ISBN = {978-80-210-8536-7},
}

@book{Herman2004,
  author = {Jiří Herman and Radan Kučera and Jaromír Šimša},
  title = {Metody řešení matematických úloh II},
  publisher = {MUNI Press},
  address = {Brno},
  year = {2004},
  ISBN = {80-210-3528-5},
}

@MastersThesis{DOS,
AUTHOR = "DOSKOČILOVÁ, Tereza",
TITLE = "Rozbor řešení úloh matematické olympiády v Jihomoravském kraji [online]",
YEAR = "2007 [cit. 2018-05-17]",
TYPE = "Diplomová práce", 
SCHOOL = "Masarykova univerzita, Přírodovědecká fakulta, Brno",
SUPERVISOR = "Jaromír Šimša", 
URL = "Dostupné z WWW <https://is.muni.cz/th/uzoi0/>",
}


@MastersThesis{HUV,
AUTHOR = "HUVAROVÁ, Marie",
TITLE = "Matematické soutěže pro žáky středních škol [online]",
YEAR = "2012 [cit. 2018-05-17]",
TYPE = "Diplomová práce", 
SCHOOL = "Univerzita Palackého v Olomouci, Přírodovědecká fakulta, Olomouc",
SUPERVISOR = "RNDr. Jaroslav Švrček, CSc.", 
URL = "Dostupné z WWW <https://theses.cz/id/8f3xh5/>",
}

@book{Kadlecek1996,
  author = {Jiří Kadleček},
  title = {Geometrie v rovině a v prostoru},
  subtitle = {pro střední školy},
  publisher = {Prometheus},
  address = {Praha},
  year = {1996},
  ISBN = {80-7196-017-9},
}

@book{Janecek1998,
  author = {František Janeček},
  title = {Sbírka úloh z matematiky pro střední školy},
  subtitle = {výrazy, rovnice, nerovnice a jejich soustavy},
  year = {1998},
  ISBN = {8071960764},
}

@online{mam,
  title = {M\&M Korespondenční seminář a časopis MFF UK},
  URLdate = {2018-05-16},
  URL = {https://mam.mff.cuni.cz/},
  label={MaM},
  author={MFF UK}
}

@online{brkos,
  title = {Seminár BRKOS},
  URLdate = {2018-05-16},
  URL = {http://brkos.math.muni.cz/},
  label={BRKOS},
  author={PřF MU}
}

@online{strom,
  title = {Seminár STROM},
  URLdate =  {2018-05-16},
  URL = {https://seminar.strom.sk/sk/prispevky/},
  label={STROM},
  author={}
}

@online{kms,
 title = {Seminár KMS},
  URLdate = {2018-05-16},
  URL = {https://kms.sk/},
  label={KMS},
  author={}
}

